@online{tspWeb,
    author = {Todd W. Schneider},
    title = {The Traveling Salesman with Simulated Annealing, R, and Shiny},
    url  = {https://toddwschneider.com/posts/traveling-salesman-with-simulated-annealing-r-and-shiny/},
    keywords = {annealing,tsp}
}

@online{wikiAnn,
    author = {Wikipedia},
    title = {Simulated Annealing},
    url = {https://en.wikipedia.org/wiki/Simulated_annealing}
}